<?xml version="1.0" encoding="UTF-8" ?>
<marc:collection xmlns:marc="http://www.loc.gov/MARC21/slim" xmlns:xsi="http://www.w3.org/2001/XMLSchema-instance" xsi:schemaLocation="http://www.loc.gov/MARC21/slim http://www.loc.gov/standards/marcxml/schema/MARC21slim.xsd">
	<marc:record>
		<marc:leader>00761nam0 2200241   450 </marc:leader>
		<marc:controlfield tag="001">10</marc:controlfield>
		<marc:datafield ind1=" " ind2=" " tag="010">
			<marc:subfield code="a">978-2-08-070210-4</marc:subfield>
			<marc:subfield code="d">5.80euro</marc:subfield>
		</marc:datafield>
		<marc:datafield ind1="|" ind2=" " tag="101">
			<marc:subfield code="a">French</marc:subfield>
		</marc:datafield>
		<marc:datafield ind1="1" ind2=" " tag="200">
			<marc:subfield code="a">Essais</marc:subfield>
			<marc:subfield code="f">Michel de Montaigne</marc:subfield>
			<marc:subfield code="g">Introduction by Alexandre Micha</marc:subfield>
		</marc:datafield>
		<marc:datafield ind1=" " ind2=" " tag="210">
			<marc:subfield code="a">Paris</marc:subfield>
			<marc:subfield code="c">Garnier-Flammarion</marc:subfield>
			<marc:subfield code="d">1969</marc:subfield>
		</marc:datafield>
		<marc:datafield ind1=" " ind2=" " tag="215">
			<marc:subfield code="a">443 pages</marc:subfield>
			<marc:subfield code="c">Cover with colorful illustrations</marc:subfield>
			<marc:subfield code="d">18 cm</marc:subfield>
		</marc:datafield>
		<marc:datafield ind1="2" ind2=" " tag="225">
			<marc:subfield code="a">GF</marc:subfield>
			<marc:subfield code="v">210</marc:subfield>
		</marc:datafield>
		<marc:datafield ind1="1" ind2="1" tag="500">
			<marc:subfield code="3">tauth-002</marc:subfield>
			<marc:subfield code="a">Essais</marc:subfield>
		</marc:datafield>
		<marc:datafield ind1=" " ind2="1" tag="700">
			<marc:subfield code="3">pauth-007</marc:subfield>
			<marc:subfield code="a">Montaigne</marc:subfield>
			<marc:subfield code="b">Michel de</marc:subfield>
		</marc:datafield>
		<marc:datafield ind1=" " ind2="1" tag="702">
			<marc:subfield code="3">pauth-028</marc:subfield>
			<marc:subfield code="a">Micha</marc:subfield>
			<marc:subfield code="b">Alexandre</marc:subfield>
		</marc:datafield>
	</marc:record>