
	<marc:record>
		<marc:leader>00761nam0 2200241   450 </marc:leader>
		<marc:controlfield tag="001">26</marc:controlfield>
		<marc:datafield ind1=" " ind2=" " tag="010">
			<marc:subfield code="a">978-2-07-062231-3</marc:subfield>
			<marc:subfield code="d">5,80 EUR</marc:subfield>
		</marc:datafield>
		<marc:datafield ind1="1" ind2=" " tag="200">
			<marc:subfield code="a">Etrange cas du Dr Jekyll et de M. Hyde (L')</marc:subfield>
			<marc:subfield code="f">Robert Louis Stevenson</marc:subfield>
			<marc:subfield code="g">illustrations by Francois Place</marc:subfield>
		</marc:datafield>
		<marc:datafield ind1=" " ind2=" " tag="210">
			<marc:subfield code="a">Paris</marc:subfield>
			<marc:subfield code="c">Gallimard</marc:subfield>
			<marc:subfield code="d">2008</marc:subfield>
		</marc:datafield>
		<marc:datafield ind1=" " ind2=" " tag="215">
			<marc:subfield code="a">144 pages</marc:subfield>
			<marc:subfield code="c">Illustrations, cover with colorful illustrations</marc:subfield>
			<marc:subfield code="d">18 cm</marc:subfield>
		</marc:datafield>
		<marc:datafield ind1=" " ind2="1" tag="700">
			<marc:subfield code="3">pauth-003</marc:subfield>
			<marc:subfield code="a">Stevenson</marc:subfield>
			<marc:subfield code="b">Robert Louis</marc:subfield>
		</marc:datafield>
		<marc:datafield ind1=" " ind2="1" tag="700">
			<marc:subfield code="3">pauth-051</marc:subfield>
			<marc:subfield code="a">Place</marc:subfield>
			<marc:subfield code="b">Francois</marc:subfield>
		</marc:datafield>
	</marc:record>