
	<marc:record>
		<marc:leader>00761nam0 2200241   450 </marc:leader>
		<marc:controlfield tag="001">23</marc:controlfield>
		<marc:datafield ind1=" " ind2=" " tag="010">
			<marc:subfield code="a">978-0-14-118510-1</marc:subfield>
			<marc:subfield code="d">10euro</marc:subfield>
		</marc:datafield>
		<marc:datafield ind1="|" ind2=" " tag="101">
			<marc:subfield code="a">English</marc:subfield>
		</marc:datafield>
		<marc:datafield ind1="|" ind2=" " tag="200">
			<marc:subfield code="a">Of mice and men</marc:subfield>
			<marc:subfield code="f">John Steinbeck</marc:subfield>
			<marc:subfield code="g">introduction by Susan Shillinglaw</marc:subfield>
		</marc:datafield>
		<marc:datafield ind1=" " ind2=" " tag="210">
			<marc:subfield code="a">Harmondsworth</marc:subfield>
			<marc:subfield code="c">Penguin Books</marc:subfield>
			<marc:subfield code="d">2010</marc:subfield>
		</marc:datafield>
		<marc:datafield ind1=" " ind2=" " tag="215">
			<marc:subfield code="a">105 pages</marc:subfield>
			<marc:subfield code="d">20 cm</marc:subfield>
		</marc:datafield>
		<marc:datafield ind1="|" ind2=" " tag="225">
			<marc:subfield code="a">Penguin modern classics</marc:subfield>
		</marc:datafield>
		<marc:datafield ind1=" " ind2="0" tag="410">
			<marc:subfield code="3">colauth-009</marc:subfield>
			<marc:subfield code="t">Penguin modern classics</marc:subfield>
		</marc:datafield>
		<marc:datafield ind1=" " ind2="1" tag="700">
			<marc:subfield code="3">pauth-016</marc:subfield>
			<marc:subfield code="a">Steinbeck</marc:subfield>
			<marc:subfield code="b">John</marc:subfield>
		</marc:datafield>
		<marc:datafield ind1=" " ind2="1" tag="700">
			<marc:subfield code="3">pauth-050</marc:subfield>
			<marc:subfield code="a">Shillinglaw</marc:subfield>
			<marc:subfield code="b">Susan</marc:subfield>
		</marc:datafield>
	</marc:record>